@article{bangalore1999supertagging,
  title={Supertagging: An approach to almost parsing},
  author={Bangalore, Srinivas and Joshi, Aravind K.},
  journal={Computational linguistics},
  volume={25},
  number={2},
  year={1999},
  url={https://www.aclweb.org/anthology/J99-2004.pdf}
}

@inproceedings{vaswani2016supertagging,
  title = "Supertagging With {LSTM}s",
  author = "Vaswani, Ashish  and
Bisk, Yonatan  and
Sagae, Kenji  and
Musa, Ryan",
  booktitle = "NAACL Proceedings",
  year = "2016",
  url = "https://www.aclweb.org/anthology/N16-1027",
  doi = "10.18653/v1/N16-1027",
}


@inproceedings{EvaKal11,
    title = "{PLCFRS} Parsing of {E}nglish Discontinuous Constituents",
    author = "Evang, Kilian  and Kallmeyer, Laura",
    booktitle = "IWPT Proceedings",
    year = "2011",
    url = "https://www.aclweb.org/anthology/W11-2913",
}


@Article{CraSchBod16,
  author  = {Andreas van Cranenburgh and Remko Scha and Rens Bod},
  title   = {Data-Oriented Parsing with Discontinuous Constituents and Function Tags},
  journal = {Journal of Language Modelling},
  year    = {2016},
  volume  = {4},
  number  = {1},
  doi     = {10.15398/jlm.v4i1.100},
}

@inproceedings{StaSte20,
  title = "Span-Based {LCFRS}-2 Parsing",
  author = "Stanojevi{\'c}, Milo{\v{s}}  and
  Steedman, Mark",
  booktitle = "IWPT Proceedings",
  year = "2020",
  url = "https://www.aclweb.org/anthology/2020.iwpt-1.12",
  doi = "10.18653/v1/2020.iwpt-1.12",
}

@inproceedings{Cor20,
  title = "Span-based discontinuous constituency parsing: a family of exact chart-based algorithms with time complexities from {O}(n{\^{}}6) down to {O}(n{\^{}}3)",
  author = "Corro, Caio",
  booktitle = "EMNLP Proceedings",
  year = "2020",
  url = "https://www.aclweb.org/anthology/2020.emnlp-main.219",
}

@inproceedings{Geb20,
  title = "Advances in Using Grammars with Latent Annotations for Discontinuous Parsing",
  author = "Gebhardt, Kilian",
  booktitle = "IWPT Proceedings",
  year = "2020",
  url = "https://www.aclweb.org/anthology/2020.iwpt-1.9",
  doi = "10.18653/v1/2020.iwpt-1.9",
}

@inproceedings{FerGom20a,
  title={Discontinuous constituent parsing with pointer networks},
  author={Fern{\'a}ndez-Gonz{\'a}lez, Daniel and G{\'o}mez-Rodr{\'\i}guez, Carlos},
  booktitle={AAAI Proceedings},
  year="2020",
  url={https://aaai.org/ojs/index.php/AAAI/article/view/6275},
  doi={10.1609/aaai.v34i05.6275}
}

@inproceedings{VilGom20,
  title = "Discontinuous Constituent Parsing as Sequence Labeling",
  author = "Vilares, David  and
G{\'o}mez-Rodr{\'\i}guez, Carlos",
  booktitle = "EMNLP Proceedings",
  year = "2020",
  url = "https://www.aclweb.org/anthology/2020.emnlp-main.221",
}


@inproceedings{MoeRup20,
  title = "Lexicalization of Probabilistic Linear Context-free Rewriting Systems",
  author = {M{\"o}rbitz, Richard  and
  Ruprecht, Thomas},
  booktitle = "IWPT Proceedings",
  year = "2020",
  url = "https://www.aclweb.org/anthology/2020.iwpt-1.10",
  doi = "10.18653/v1/2020.iwpt-1.10",
}

@InProceedings{Skut98,
  author    = {Wojciech Skut and Thorsten Brants and Brigitte Krenn and Hans Uszkoreit},
  title     = {A Linguistically Interpreted Corpus of {G}erman Newspaper Text},
  BOOKTITLE = {ESSLLI Proceedings},
  year      = {1998},
  url = {https://arxiv.org/abs/cmp-lg/9807008}
}

@article{Brants04,
  title={{TIGER}: Linguistic interpretation of a {G}erman corpus},
  author={Brants, Sabine and Dipper, Stefanie and Eisenberg, Peter and Hansen-Schirra, Silvia and K{\"o}nig, Esther and Lezius, Wolfgang and Rohrer, Christian and Smith, George and Uszkoreit, Hans},
  journal={Research on language and computation},
  volume={2},
  number={4},
  year={2004},
  doi={10.1007/s11168-004-7431-3}
}

@article{Hoc97,
  title={Long short-term memory},
  author={Hochreiter, Sepp and Schmidhuber, J{\"u}rgen},
  journal={Neural computation},
  volume={9},
  number={8},
  year={1997},
  url={https://www.mitpressjournals.org/doi/abs/10.1162/neco.1997.9.8.1735},
  doi={10.1162/neco.1997.9.8.1735}
}

@inproceedings{Bla18,
  title = "{G}erman and {F}rench Neural Supertagging Experiments for {LTAG} Parsing",
  author = "Bladier, Tatiana  and van Cranenburgh, Andreas  and Samih, Younes  and Kallmeyer, Laura",
  booktitle = "Proceedings of {ACL} 2018, Student Research Workshop",
  month = jul,
  year = "2018",
  address = "Melbourne, Australia",
  publisher = "Association for Computational Linguistics",
  url = "https://www.aclweb.org/anthology/P18-3009",
  doi = "10.18653/v1/P18-3009",
  pages = "59--66",
}

@inproceedings{Ver16,
  title = "Discontinuity (Re){\mbox{$^2$}}-visited: A Minimalist Approach to Pseudoprojective Constituent Parsing",
  author = "Versley, Yannick",
  booktitle = "DiscoNLP Proceedings",
  year = "2016",
  address = "San Diego, California",
  url = "https://www.aclweb.org/anthology/W16-0907",
  doi = "10.18653/v1/W16-0907",
}

@inproceedings{MaierSogaard08,
  title={Treebanks and mild context-sensitivity},
  author={Maier, Wolfgang and S{\o}gaard, Anders},
  booktitle={Proceedings of the 13th conference on Formal Grammar},
  year={2008},
  url={https://web.stanford.edu/group/cslipublications/cslipublications/FG/2008/maier.pdf},
  publisher={CSLI Publications},
}

@inproceedings{Marcus94,
  title={The Penn Treebank: annotating predicate argument structure},
  author={Marcus, Mitch and Kim, Grace and Marcinkiewicz, Mary Ann and MacIntyre, Robert and Bies, Ann and Ferguson, Mark and Katz, Karen and Schasberger, Britta},
  booktitle={Proceedings of the workshop on Human Language Technology},
  year={1994},
  url={https://www.aclweb.org/anthology/H94-1020.pdf},
}

@inproceedings{Devlin2019,
  title = "{BERT}: Pre-training of Deep Bidirectional Transformers for Language Understanding",
  author = "Devlin, Jacob  and
Chang, Ming-Wei  and
Lee, Kenton  and
Toutanova, Kristina",
  booktitle = "NAACL Proceedings",
  year = "2019",
  url = "https://www.aclweb.org/anthology/N19-1423",
  doi = "10.18653/v1/N19-1423",
}

@article{FerGon21b,
    title={Discontinuous grammar as a foreign language},
    author={Fern{\'a}ndez-Gonz{\'a}lez, Daniel and G{\'o}mez-Rodr{\'\i}guez, Carlos},
    journal={Neurocomputing},
    volume={524},
    year={2023},
}

@inproceedings{FerGon21a,
    title = "Reducing Discontinuous to Continuous Parsing with Pointer Network Reordering",
    author = "Fern{\'a}ndez-Gonz{\'a}lez, Daniel  and
    G{\'o}mez-Rodr{\'\i}guez, Carlos",
    booktitle = "EMNLP Proceedings",
    year = "2021",
    url = "https://aclanthology.org/2021.emnlp-main.825",
    doi = "10.18653/v1/2021.emnlp-main.825",
}

@inproceedings{RupMoe21,
    title = "Supertagging-based Parsing with Linear Context-free Rewriting Systems",
    author = {Ruprecht, Thomas  and
    M{\"o}rbitz, Richard},
    booktitle = "NAACL 2021 Proceedings",
    year = "2021",
    url = "https://aclanthology.org/2021.naacl-main.232",
    doi = "10.18653/v1/2021.naacl-main.232",
}


@inproceedings{Coa21,
    title = "{BERT}-Proof Syntactic Structures: Investigating Errors in Discontinuous Constituency Parsing",
    author = "Coavoux, Maximin",
    booktitle = "Findings of ACL: ACL-IJCNLP",
    year = "2021",
    url = "https://aclanthology.org/2021.findings-acl.288",
    doi = "10.18653/v1/2021.findings-acl.288",
}

@article{FerGom22,
    title = {Multitask Pointer Network for multi-representational parsing},
    journal = {Knowledge-Based Systems},
    volume = {236},
    year = {2022},
    doi = {https://doi.org/10.1016/j.knosys.2021.107760},
    url = {https://www.sciencedirect.com/science/article/pii/S0950705121009849},
    author = {Daniel Fernández-González and Carlos Gómez-Rodríguez},
}


@article{KalMai13,
  author = {Kallmeyer, Laura and Maier, Wolfgang},
  title = "{Data-Driven Parsing using Probabilistic Linear Context-Free Rewriting Systems }",
  journal = {Computational Linguistics},
  volume = {39},
  number = {1},
  year = {2013},
  doi = {10.1162/COLI_a_00136},
  url = {https://doi.org/10.1162/COLI\_a\_00136},
}

@inproceedings{Cha20,
  title = "{G}erman{'}s Next Language Model",
  author = {Chan, Branden  and
  Schweter, Stefan  and
  M{\"o}ller, Timo},
  booktitle = "COLING Proceedings",
  year = "2020",
  url = "https://aclanthology.org/2020.coling-main.598",
  doi = "10.18653/v1/2020.coling-main.598",
}

@article{vaswani2017attention,
    title={Attention is all you need},
    author={Vaswani, Ashish and Shazeer, Noam and Parmar, Niki and Uszkoreit, Jakob and Jones, Llion and Gomez, Aidan N and Kaiser, {\L}ukasz and Polosukhin, Illia},
    journal={Advances in neural information processing systems},
    volume={30},
    year={2017}
}

@misc{gottbert,
    title={GottBERT: a pure German Language Model},
    author={Raphael Scheible and Fabian Thomczyk and Patric Tippmann and Victor Jaravine and Martin Boeker},
    year={2020},
    eprint={2012.02110},
    archivePrefix={arXiv},
    primaryClass={cs.CL}
}

@inproceedings{Sun22,
    title = "Reorder and then Parse, Fast and Accurate Discontinuous Constituency Parsing",
    author = "Sun, Kailai  and  Li, Zuchao  and  Zhao, Hai",
    booktitle = "EMNLP Proceedings",
    year = "2022",
    url = "https://aclanthology.org/2022.emnlp-main.723",
}

@inproceedings{RupDen19,
    title = {Implementation of a {C}homsky-Sch{\"u}tzenberger n-best parser for weighted multiple context-free grammars},
    author = "Ruprecht, Thomas  and
    Denkinger, Tobias",
    booktitle = "NAACL Proceedings",
    year = "2019",
    url = "https://aclanthology.org/N19-1016",
    doi = "10.18653/v1/N19-1016",
}

@article{Geb17,
    title={Hybrid grammars for parsing of discontinuous phrase structures and non-projective dependency structures},
    author={Gebhardt, Kilian and Nederhof, Mark-Jan and Vogler, Heiko},
    journal={Computational Linguistics},
    volume={43},
    number={3},
    year={2017},
}

@inproceedings{Ned14,
    title={Hybrid Grammars for Discontinuous Parsing},
    author={Nederhof, Mark-Jan and Vogler, Heiko},
    booktitle={COLING Proceedings},
    year={2014}
}

@inproceedings{Rup22,
    title = "Improving the Extraction of Supertags for Constituency Parsing with Linear Context-Free Rewriting Systems",
    author = "Ruprecht, Thomas",
    booktitle = "Findings of the ACL: EMNLP",
    year = "2022",
    url = "https://aclanthology.org/2022.findings-emnlp.105",
}

@article{Yang22,
    title = {Improving tree-based neural machine translation with dynamic lexicalized dependency encoding},
    journal = {Knowledge-Based Systems},
    volume = {188},
    year = {2020},
    doi = {https://doi.org/10.1016/j.knosys.2019.105042},
    url = {https://www.sciencedirect.com/science/article/pii/S095070511930440X},
    author = {Baosong Yang and Derek F. Wong and Lidia S. Chao and Min Zhang},
}

@inproceedings{Zhang19,
    title = "Syntax-Enhanced Neural Machine Translation with Syntax-Aware Word Representations",
    author = "Zhang, Meishan  and
    Li, Zhenghua  and
    Fu, Guohong  and
    Zhang, Min",
    booktitle = "NAACL Proceedings",
    year = "2019",
    url = "https://aclanthology.org/N19-1118",
    doi = "10.18653/v1/N19-1118",
}

@article{Nguyen19,
    title={From POS tagging to dependency parsing for biomedical event extraction},
    author={Nguyen, Dat Quoc and Verspoor, Karin},
    journal={BMC bioinformatics},
    volume={20},
    pages={1--13},
    year={2019},
}

@inproceedings{Balachandran21,
    title = "{S}truct{S}um: Summarization via Structured Representations",
    author = "Balachandran, Vidhisha  and
    Pagnoni, Artidoro  and
    Lee, Jay Yoon  and
    Rajagopal, Dheeraj  and
    Carbonell, Jaime  and
    Tsvetkov, Yulia",
    booktitle = "ACL Proceedings",
    year = "2021",
    url = "https://aclanthology.org/2021.eacl-main.220",
    doi = "10.18653/v1/2021.eacl-main.220",
}


@inproceedings{Noord09,
  title={{H}uge {P}arsed {C}orpora in {LASSY}},
  author={Van Noord, Gertjan},
  booktitle={Proceedings of TLT7},
  year={2009},
  url={https://dspace.library.uu.nl/bitstream/handle/1874/296811/bookpart.pdf},
  pages           = {115--126},
}

@incollection{hoekstra2001syntactic,
  title={Syntactic annotation for the spoken Dutch corpus project (CGN)},
  author={Hoekstra, Heleen and Moortgat, Michael and Schuurman, Ineke and Van Der Wouden, Ton},
  booktitle={Computational Linguistics in the Netherlands 2000},
  pages={73--87},
  year={2001},
  publisher={Brill}
}
